<record><leader>00000cas a22000007a 4500</leader><controlfield tag="001">12306077</controlfield><controlfield tag="008">850725c19379999wyucr ne      0    0eng d</controlfield><datafield ind1=" " ind2=" " tag="010"><subfield code="a">sn 85058173 </subfield></datafield><datafield ind1=" " ind2=" " tag="040"><subfield code="a">UNP</subfield><subfield code="b">eng</subfield><subfield code="c">UNP</subfield><subfield code="d">NVO</subfield><subfield code="d">OCLCQ</subfield></datafield><datafield ind1=" " ind2=" " tag="032"><subfield code="a">646880</subfield><subfield code="b">USPS</subfield></datafield><datafield ind1=" " ind2=" " tag="042"><subfield code="a">msc</subfield></datafield><datafield ind1="0" ind2="0" tag="245"><subfield code="a">Uinta County herald.</subfield></datafield><datafield ind1="1" ind2="3" tag="246"><subfield code="a">Uinta County herald consolidated with the Wyoming times</subfield><subfield code="f">Nov. 10, 1938-1943</subfield></datafield><datafield ind1="1" ind2="3" tag="246"><subfield code="a">Uinta County herald consolidated with the Wyoming press</subfield><subfield code="f">Dec. 20, 1946-Oct. 19, 1951</subfield></datafield><datafield ind1="3" ind2="0" tag="246"><subfield code="a">Herald-press</subfield><subfield code="f">Dec. 20, 1946-Oct. 19, 1951</subfield></datafield><datafield ind1=" " ind2=" " tag="260"><subfield code="a">Evanston, Wyo. :</subfield><subfield code="b">L. Rollins, O.O. Rickert</subfield></datafield><datafield ind1=" " ind2=" " tag="300"><subfield code="a">v.</subfield></datafield><datafield ind1=" " ind2=" " tag="310"><subfield code="a">Semiweekly,</subfield><subfield code="b">Aug. 2, 1980-</subfield></datafield><datafield ind1=" " ind2=" " tag="321"><subfield code="a">Weekly,</subfield><subfield code="b">1937-July 30, 1980</subfield></datafield><datafield ind1="0" ind2=" " tag="362"><subfield code="a">Vol. 1, no. 1 (Aug. 12, 1937)-</subfield></datafield><datafield ind1=" " ind2=" " tag="515"><subfield code="a">Includes numbering of "The Wyoming times", Nov. 10, 1938-1943.</subfield></datafield><datafield ind1=" " ind2=" " tag="580"><subfield code="a">Absorbed: Wyoming times (Evanston, Wyo.), Nov. 10, 1938.</subfield></datafield><datafield ind1=" " ind2=" " tag="580"><subfield code="a">Absorbed: Wyoming press, Dec. 20, 1946.</subfield></datafield><datafield ind1=" " ind2="4" tag="651"><subfield code="a">Evanston (Wyo.)</subfield><subfield code="v">Newspapers.</subfield></datafield><datafield ind1=" " ind2="4" tag="651"><subfield code="a">Uinta County (Wyo.)</subfield><subfield code="v">Newspapers.</subfield></datafield><datafield ind1=" " ind2=" " tag="752"><subfield code="a">United States</subfield><subfield code="b">Wyoming</subfield><subfield code="c">Uinta</subfield><subfield code="d">Evanston.</subfield></datafield><datafield ind1="0" ind2="4" tag="780"><subfield code="t">Bridger Valley enterprise</subfield><subfield code="w">(DLC)sn 92067183</subfield></datafield><datafield ind1="0" ind2="4" tag="780"><subfield code="t">Evanston booster</subfield></datafield><datafield ind1="1" ind2="5" tag="780"><subfield code="t">Wyoming times (Evanston, Wyo.)</subfield><subfield code="w">(DLC)sn 92067184</subfield></datafield><datafield ind1="1" ind2="5" tag="780"><subfield code="t">Wyoming press</subfield><subfield code="w">(DLC)sn 92067208</subfield></datafield></record>